<?xml version="1.0" encoding="UTF-8"?><record xmlns="http://www.loc.gov/MARC21/slim" xmlns:cinclude="http://apache.org/cocoon/include/1.0" xmlns:zs="http://www.loc.gov/zing/srw/">
  <leader>00351nz  a2200121n  4500</leader>
  <controlfield tag="001">n 2005067193</controlfield>
  <controlfield tag="003">DLC</controlfield>
  <controlfield tag="005">20050909105655.0</controlfield>
  <controlfield tag="008">050909n| acannaabn          |n aaa      </controlfield>
  <datafield tag="010" ind1=" " ind2=" ">
    <subfield code="a">n 2005067193</subfield>
  </datafield>
  <datafield tag="040" ind1=" " ind2=" ">
    <subfield code="a">DLC</subfield>
    <subfield code="b">eng</subfield>
    <subfield code="c">DLC</subfield>
  </datafield>
  <datafield tag="100" ind1="1" ind2=" ">
    <subfield code="a">Jodlowski, Pierre,</subfield>
    <subfield code="d">1971-</subfield>
    <subfield code="t">People/time</subfield>
  </datafield>
  <datafield tag="670" ind1=" " ind2=" ">
    <subfield code="a">Donaueschinger Musiktage 2003, 2004, p2003:</subfield>
    <subfield code="b">label (People/time (2003))</subfield>
  </datafield>
</record>